<?xml version="1.0" encoding="UTF-8"?><collection xmlns="http://www.loc.gov/MARC21/slim"><record><leader>00385nam--2200145-i-4500</leader><controlfield tag="001">000022087</controlfield><controlfield tag="002">20161230</controlfield><controlfield tag="005">20170118173726</controlfield><controlfield tag="008">060222s1000------------r-----000-0-eng-d</controlfield><datafield ind1=" " ind2=" " tag="100"><subfield code="a">Hevesy, George</subfield></datafield><datafield ind1=" " ind2=" " tag="245"><subfield code="a">Adventures in radioisotope research. The collected papaers</subfield></datafield><datafield ind1=" " ind2=" " tag="260"><subfield code="a">New York</subfield><subfield code="b">Pergamon Press</subfield><subfield code="c">1962</subfield></datafield><datafield ind1=" " ind2=" " tag="300"><subfield code="a">1047 p</subfield></datafield><datafield ind1=" " ind2=" " tag="852"><subfield code="a">17469</subfield></datafield><datafield ind1=" " ind2=" " tag="CAT"><subfield code="a">SYS</subfield><subfield code="c">20170118</subfield><subfield code="h">173726</subfield></datafield></record></collection>